<?xml version="1.0" encoding="UTF-8"?>
<OAI-PMH xmlns="http://www.openarchives.org/OAI/2.0/" xmlns:xsi="http://www.w3.org/2001/XMLSchema-instance" xsi:schemaLocation="http://www.openarchives.org/OAI/2.0/ http://www.openarchives.org/OAI/2.0/OAI-PMH.xsd">
  <ListRecords>
    <record>
      <header>
        <identifier>aleph-publish:000162669</identifier>
      </header>
      <metadata>
        <record xmlns="http://www.ddb.de/professionell/mabxml/mabxml-1.xsd">
          <leader>00566vM2.01200024------h</leader>
          <controlfield tag="LDR">00566vM2.01200024------h</controlfield>
          <controlfield tag="FMT">MH</controlfield>
          <datafield tag="001" ind1="-" ind2="1">
            <subfield code="a">HT001036453</subfield>
          </datafield>
          <datafield tag="002" ind1="a" ind2="1">
            <subfield code="a">19990417</subfield>
          </datafield>
          <datafield tag="003" ind1="-" ind2="1">
            <subfield code="a">20070802</subfield>
          </datafield>
          <datafield tag="026" ind1="-" ind2="1">
            <subfield code="a">HBZHT001036453</subfield>
          </datafield>
          <controlfield tag="030">a|1uc||||||17</controlfield>
          <datafield tag="036" ind1="a" ind2="1">
            <subfield code="a">DE</subfield>
          </datafield>
          <datafield tag="037" ind1="b" ind2="1">
            <subfield code="a">ger</subfield>
          </datafield>
          <controlfield tag="050">a|||||||||||||</controlfield>
          <controlfield tag="051">s|||||||</controlfield>
          <datafield tag="070" ind1="-" ind2="1">
            <subfield code="a">464</subfield>
          </datafield>
          <datafield tag="070" ind1="b" ind2="1">
            <subfield code="a">929</subfield>
          </datafield>
          <datafield tag="080" ind1="-" ind2="1">
            <subfield code="a">60</subfield>
          </datafield>
          <datafield tag="100" ind1="-" ind2="1">
            <subfield code="p">Beumer, Johannes</subfield>
            <subfield code="9">(DE-588)174845650</subfield>
          </datafield>
          <datafield tag="331" ind1="-" ind2="1">
            <subfield code="a">&lt;&lt;Die&gt;&gt; mündliche Überlieferung als Glaubensquelle</subfield>
          </datafield>
          <datafield tag="359" ind1="-" ind2="1">
            <subfield code="a">Johannes Beumer</subfield>
          </datafield>
          <datafield tag="410" ind1="-" ind2="1">
            <subfield code="a">Freiburg im Breisgau [u.a.]</subfield>
          </datafield>
          <datafield tag="412" ind1="-" ind2="1">
            <subfield code="a">Herder</subfield>
          </datafield>
          <datafield tag="425" ind1="a" ind2="1">
            <subfield code="a">1962</subfield>
          </datafield>
          <datafield tag="433" ind1="-" ind2="1">
            <subfield code="a">138 S.</subfield>
          </datafield>
          <datafield tag="451" ind1="-" ind2="1">
            <subfield code="a">Handbuch der Dogmengeschichte : Bd. 1, Das Dasein im Glauben ; Fasz. 4</subfield>
          </datafield>
          <datafield tag="453" ind1="-" ind2="1">
            <subfield code="a">HT001231518</subfield>
          </datafield>
          <datafield tag="455" ind1="-" ind2="1">
            <subfield code="a">Bd. 1, Das Dasein im Glauben ; Fasz. 4</subfield>
          </datafield>
          <datafield tag="456" ind1="-" ind2="1">
            <subfield code="a">1,4</subfield>
          </datafield>
          <datafield tag="540" ind1="a" ind2="1">
            <subfield code="a">3-451-00700-2</subfield>
          </datafield>
          <datafield tag="700" ind1="l" ind2="1">
            <subfield code="a">450</subfield>
          </datafield>
          <datafield tag="902" ind1="-" ind2="1">
            <subfield code="s">Mündliche Überlieferung</subfield>
            <subfield code="9">(DE-588)4040600-3</subfield>
          </datafield>
          <datafield tag="902" ind1="-" ind2="1">
            <subfield code="s">Glaube</subfield>
            <subfield code="9">(DE-588)4071867-0</subfield>
          </datafield>
          <datafield tag="903" ind1="-" ind2="1">
            <subfield code="a">21</subfield>
          </datafield>
          <controlfield tag="SYS">000162669</controlfield>
          <datafield tag="PSW" ind1="-" ind2="1">
            <subfield code="s">Mündliche Geschichte</subfield>
            <subfield code="9">(DE-588)4040600-3</subfield>
          </datafield>
          <datafield tag="PSW" ind1="-" ind2="1">
            <subfield code="s">Mündliche Quelle</subfield>
            <subfield code="9">(DE-588)4040600-3</subfield>
          </datafield>
          <datafield tag="PSW" ind1="-" ind2="1">
            <subfield code="s">Mündliche Tradition</subfield>
            <subfield code="9">(DE-588)4040600-3</subfield>
          </datafield>
          <datafield tag="PSW" ind1="-" ind2="1">
            <subfield code="s">Orale Tradition</subfield>
            <subfield code="9">(DE-588)4040600-3</subfield>
          </datafield>
          <datafield tag="PSW" ind1="-" ind2="1">
            <subfield code="s">Mündlichkeit</subfield>
            <subfield code="h">Überlieferung</subfield>
            <subfield code="9">(DE-588)4040600-3</subfield>
          </datafield>
          <datafield tag="PSW" ind1="-" ind2="1">
            <subfield code="s">Glauben</subfield>
            <subfield code="9">(DE-588)4071867-0</subfield>
          </datafield>
          <datafield tag="PSW" ind1="-" ind2="1">
            <subfield code="s">Gottesglaube</subfield>
            <subfield code="9">(DE-588)4071867-0</subfield>
          </datafield>
          <datafield tag="PSW" ind1="-" ind2="1">
            <subfield code="s">Überzeugung</subfield>
            <subfield code="h">Glaube</subfield>
            <subfield code="9">(DE-588)4071867-0</subfield>
          </datafield>
          <datafield tag="PSW" ind1="-" ind2="1">
            <subfield code="s">Mündliche Geschichte</subfield>
            <subfield code="9">(DE-588)4040600-3</subfield>
          </datafield>
          <datafield tag="PSW" ind1="-" ind2="1">
            <subfield code="s">Mündliche Quelle</subfield>
            <subfield code="9">(DE-588)4040600-3</subfield>
          </datafield>
          <datafield tag="PSW" ind1="-" ind2="1">
            <subfield code="s">Mündliche Tradition</subfield>
            <subfield code="9">(DE-588)4040600-3</subfield>
          </datafield>
          <datafield tag="PSW" ind1="-" ind2="1">
            <subfield code="s">Orale Tradition</subfield>
            <subfield code="9">(DE-588)4040600-3</subfield>
          </datafield>
          <datafield tag="PSW" ind1="-" ind2="1">
            <subfield code="s">Mündlichkeit</subfield>
            <subfield code="h">Überlieferung</subfield>
            <subfield code="9">(DE-588)4040600-3</subfield>
          </datafield>
          <datafield tag="PSW" ind1="-" ind2="1">
            <subfield code="s">Glauben</subfield>
            <subfield code="9">(DE-588)4071867-0</subfield>
          </datafield>
          <datafield tag="PSW" ind1="-" ind2="1">
            <subfield code="s">Gottesglaube</subfield>
            <subfield code="9">(DE-588)4071867-0</subfield>
          </datafield>
          <datafield tag="PSW" ind1="-" ind2="1">
            <subfield code="s">Überzeugung</subfield>
            <subfield code="h">Glaube</subfield>
            <subfield code="9">(DE-588)4071867-0</subfield>
          </datafield>
          <datafield tag="700" ind1=" " ind2=" ">
            <subfield code="a">IOL</subfield>
          </datafield>
          <datafield tag="OWN" ind1=" " ind2=" ">
            <subfield code="a">P0001</subfield>
          </datafield>
          <datafield tag="PLK" ind1=" " ind2=" ">
            <subfield code="a">SRU</subfield>
            <subfield code="l">PAD01</subfield>
            <subfield code="b">000202777</subfield>
            <subfield code="m">Bd. 1, Das Dasein im Glauben ; Fasz. 4.^&lt;&lt;Die&gt;&gt; mündliche Überlieferung als Glaubensquelle.^1962</subfield>
            <subfield code="n">Handbuch der Dogmengeschichte.^1951</subfield>
          </datafield>
          <datafield tag="LOC" ind1=" " ind2=" ">
            <subfield code="m">BOOK</subfield>
            <subfield code="a">P0001</subfield>
            <subfield code="b">10</subfield>
            <subfield code="d">IOL1299-1,4</subfield>
            <subfield code="n">30</subfield>
            <subfield code="k">00000000</subfield>
            <subfield code="5">178002-10</subfield>
          </datafield>
          <datafield tag="LOC" ind1=" " ind2=" ">
            <subfield code="m">BOOK</subfield>
            <subfield code="a">P0001</subfield>
            <subfield code="b">11</subfield>
            <subfield code="d">IOL1299-1,4+1</subfield>
            <subfield code="n">20</subfield>
            <subfield code="k">00000000</subfield>
            <subfield code="5">178002-20</subfield>
          </datafield>
        </record>
      </metadata>
    </record>
  </ListRecords>
</OAI-PMH>
